% This file was created with JabRef 2.9.2.
% Encoding: Cp1252
@inproceedings{narang2014auditory,
  title={Auditory-aware navigation for mobile robots based on reflection-robust sound source localization and visual SLAM},
  author={Narang, Gautam and Nakamura, Kentaro and Nakadai, Kazuhiro},
  booktitle={Systems, Man and Cybernetics (SMC), 2014 IEEE International Conference on},
  pages={4021--4026},
  year={2014},
  organization={IEEE}
}

@inproceedings{even2014audio,
  title={Audio ray tracing for position estimation of entities in blind regions},
  author={Even, Jani and Morales, Yaileth and Kallakuri, Nagasrikanth and Ishi, Carlos and Hagita, Norihiro},
  booktitle={Intelligent Robots and Systems (IROS 2014), 2014 IEEE/RSJ International Conference on},
  pages={1920--1925},
  year={2014},
  organization={IEEE}
}

@INPROCEEDINGS{Bahl2000,
  author = {Bahl, Paramvir and Padmanabhan, Venkata N},
  title = {RADAR: An in-building RF-based user location and tracking system},
  booktitle = {INFOCOM 2000. Nineteenth Annual Joint Conference of the IEEE Computer
	and Communications Societies. Proceedings. IEEE},
  year = {2000},
  volume = {2},
  pages = {775--784},
  organization = {Ieee}
}

@ARTICLE{Bertinato2008,
  author = {Bertinato, Marco and Ortolan, Giulia and Maran, Fabio and Marcon,
	Riccardo and Marcassa, Alessandro and Zanella, Filippo and Zambotto,
	Matrizio and Schenato, Luca and Cenedese, Angelo},
  title = {RF Localization and tracking of mobile nodes in Wireless Sensors
	Networks: Architectures, Algorithms and Experiments},
  year = {2008}
}

@ARTICLE{Borenstein1996,
  author = {Borenstein, Johann and Everett, HR and Feng, Liqiang},
  title = {Where am I? Sensors and methods for mobile robot positioning},
  journal = {University of Michigan},
  year = {1996},
  volume = {119},
  pages = {120},
  owner = {k}
}

@TECHREPORT{Borenstein1997,
  author = {Borenstein, Johann and Everett, HR and Feng, Liqiang and Wehe, David},
  title = {Mobile robot positioning-sensors and techniques},
  institution = {DTIC Document},
  year = {1997},
  owner = {k}
}

@ARTICLE{cha06,
  author = {Chan, Yiu{\-}Tong and Tsui, Wing{\-}Yue and So, Hing{\-}Cheung and
	Ching, Pak{\-}chung},
  title = {Time-of-arrival based localization under NLOS conditions},
  journal = {Vehicular Technology, IEEE Transactions on},
  year = {2006},
  volume = {55},
  pages = {17--24},
  number = {1},
  publisher = {IEEE}
}

@INPROCEEDINGS{Chen1999,
  author = {Chen, Pi{\-}Chun},
  title = {A non-line-of-sight error mitigation algorithm in location estimation},
  booktitle = {Wireless Communications and Networking Conference, 1999. WCNC. 1999
	IEEE},
  year = {1999},
  pages = {316--320},
  organization = {IEEE},
  owner = {k}
}

@ARTICLE{Cheng2013,
  author = {Cheng, Long and Wu, Hao and Wu, Chengdong and Zhang, Yunzhou},
  title = {Indoor Mobile Localization in Wireless Sensor Network under Unknown
	NLOS Errors},
  journal = {International Journal of Distributed Sensor Networks},
  year = {2013},
  volume = {2013},
  owner = {k},
  publisher = {Hindawi Publishing Corporation}
}

@ARTICLE{Dai2012,
  author = {Dai, Huan and Zhu, Zhao{\-}Min and Gu, Xiao{\-}Feng},
  title = {Multi-target indoor localization and tracking on video monitoring
	system in a wireless sensor network},
  journal = {Journal of Network and Computer Applications},
  year = {2012},
  owner = {k},
  publisher = {Elsevier}
}

@CONFERENCE{fur06,
  author = {Furukawa, Tomonari and Bourgault, Frederic and Lavis, Benjamin and
	Durrant{\-}Whyte, Hugh},
  title = {Recursive Bayesian search-and-tracking using coordinated UAVs for
	lost targets},
  booktitle = {Robotics and Automation, 2006. ICRA 2006. Proceedings 2006 IEEE International
	Conference on},
  year = {2006},
  pages = {2521--2526},
  organization = {IEEE}
}

@ARTICLE{fur12,
  author = {Furukawa, Tomonari and Mak, Lin Chi and Durrant{\-}Whyte, Hugh and
	Madhavan, Rajmohan},
  title = {Autonomous bayesian search and tracking, and its experimental validation},
  journal = {Advanced Robotics},
  year = {2012},
  volume = {26},
  pages = {461--485},
  number = {5-6},
  publisher = {Taylor \& Francis}
}

@PHDTHESIS{Guvenc?2003,
  author = {G{\"u}venc?, {\.I}smail},
  title = {Enhancements to RSS based indoor tracking systems using Kalman filters},
  school = {University of New Mexico},
  year = {2003},
  owner = {k}
}

@ARTICLE{Gao2013,
  author = {Gao, Peng and Shi, Weiren and Zhou, Wei and Li, Hongbing and Wang,
	Xiaogang},
  title = {A location predicting method for indoor mobile target localization
	in wireless sensor networks},
  journal = {International Journal of Distributed Sensor Networks},
  year = {2013},
  volume = {2013},
  publisher = {Hindawi Publishing Corporation}
}

@ARTICLE{Gezici2008,
  author = {Gezici, Sinan},
  title = {A survey on wireless position estimation},
  journal = {Wireless Personal Communications},
  year = {2008},
  volume = {44},
  pages = {263--282},
  number = {3},
  publisher = {Springer}
}

@ARTICLE{Guvenc2009,
  author = {Guvenc, Ismail and Chong, Chia{\-}Chin},
  title = {A survey on TOA based wireless localization and NLOS mitigation techniques},
  journal = {Communications Surveys \& Tutorials, IEEE},
  year = {2009},
  volume = {11},
  pages = {107--124},
  number = {3},
  owner = {k},
  publisher = {IEEE}
}

@INPROCEEDINGS{Jwu2006,
  author = {Jwu{\-}Sheng Hu and Wei{\-}Han Liu and Chieh{\-}Cheng Cheng and Chia{\-}Hsing
	Yang},
  title = {Location and Orientation Detection of Mobile Robots Using Sound Field
	Features under Complex Environments},
  booktitle = {Intelligent Robots and Systems, 2006 IEEE/RSJ International Conference
	on},
  year = {2006},
  pages = {1151-1156},
  doi = {10.1109/IROS.2006.281845},
  keywords = {Gaussian processes;acoustic signal processing;mobile robots;path planning;pose
	estimation;signal detection;Gaussian mixture model;mobile robots;orientation
	detection method;probability distribution estimation method;robot
	location detection;sound field features;Acoustic noise;Acoustic sensors;Infrared
	sensors;Intelligent robots;Microphones;Mobile robots;Noise robustness;Robot
	localization;Robot sensing systems;Working environment noise;GMM;Robot
	localization;Robot's orientation detection}
}

@ARTICLE{Huerta2009,
  author = {Huerta, Jose M and Vidal, Josep and Giremus, Audrey and Tourneret,
	J{\-}Y},
  title = {Joint particle filter and UKF position tracking in severe non-line-of-sight
	situations},
  journal = {Selected Topics in Signal Processing, IEEE Journal of},
  year = {2009},
  volume = {3},
  pages = {874--888},
  number = {5},
  owner = {k},
  publisher = {IEEE}
}

@INPROCEEDINGS{Jankovic2005,
  author = {Jankovic, Nicholas D and Naish, Michael D},
  title = {Developing a modular active spherical vision system},
  booktitle = {Robotics and Automation, 2005. ICRA 2005. Proceedings of the 2005
	IEEE International Conference on},
  year = {2005},
  pages = {1234--1239},
  organization = {IEEE}
}

@INPROCEEDINGS{Jung2011,
  author = {Jongdae Jung and Hyun Myung},
  title = {Indoor localization using particle filter and map-based NLOS ranging
	model},
  booktitle = {Robotics and Automation (ICRA), 2011 IEEE International Conference
	on},
  year = {2011},
  pages = {5185-5190},
  doi = {10.1109/ICRA.2011.5980383},
  issn = {1050-4729},
  keywords = {geometry;indoor communication;mobile robots;particle filtering (numerical
	methods);time-of-arrival estimation;NLOS signal path estimation;indoor
	geometry;indoor localization;line-of-sight distances;map-based NLOS
	ranging model;mobile robots;nonline-of-sight range measurement;particle
	filter-based localization algorithm;radio frequency signals;time
	of arrival based localization;trilateration based localizations;Atmospheric
	measurements;Cascading style sheets;Distance measurement;Frequency
	measurement;Manganese;Nonlinear optics;Particle measurements}
}

@ARTICLE{Khoury2009,
  author = {Khoury, Hiam M and Kamat, Vineet R},
  title = {Evaluation of position tracking technologies for user localization
	in indoor construction environments},
  journal = {Automation in Construction},
  year = {2009},
  volume = {18},
  pages = {444--457},
  number = {4},
  owner = {k},
  publisher = {Elsevier}
}

@CONFERENCE{kim12,
  author = {Daisuke Kimoto and Makoto Kumon},
  title = {Optimization of the Ear Canal Position for Sound Localization Using
	Interaural Level Difference},
  year = {2012},
  organization = {36th Meeting of Special Interest Group on AI Challenges},
  owner = {KT},
  timestamp = {2013.08.26}
}

@CONFERENCE{kum11,
  author = {Kimoto, Daisuke and Kumon, Makoto},
  title = {On Sound Direction Estimation by Binaural Auditory Robots with Pinnae},
  year = {2011},
  organization = {35th Meeting of Special Interest Group on AI Challenges},
  owner = {KT},
  timestamp = {2013.08.26}
}

@INPROCEEDINGS{kobilarov2006,
  author = {Kobilarov, Marin and Sukhatme, Gaurav and Hyams, Jeff and Batavia,
	Parag},
  title = {People tracking and following with mobile robot using an omnidirectional
	camera and a laser},
  booktitle = {Robotics and Automation, 2006. ICRA 2006. Proceedings 2006 IEEE International
	Conference on},
  year = {2006},
  pages = {557--562},
  organization = {IEEE}
}

@CONFERENCE{kum13,
  author = {Kumon, Makoto and Kimoto, Daisuke and Takami, Kuya and Furukawa,
	Tomonari},
  title = {Bayesian Non-Field-of-View Target Estimation Incorporating an Acoustic
	Sensor,},
  booktitle = {Proceedings of 2013 IEEE/RSJ International Conference of Intelligent
	Robots and Systems},
  year = {2013},
  month = {November 1-3, 2013},
  owner = {tomonari},
  timestamp = {2014.07.23}
}

@ARTICLE{lad04,
  author = {Ladd, Andrew M and Bekris, Kostas E and Rudys, Algis P and Wallach,
	Dan S and Kavraki, Lydia E},
  title = {On the feasibility of using wireless ethernet for indoor localization},
  journal = {IEEE Transactions on Robotics and Automation},
  year = {2004},
  volume = {20},
  pages = {555--559},
  number = {3}
}

@INPROCEEDINGS{ledwich04,
  author = {Ledwich, Luke and Williams, Stefan},
  title = {Reduced SIFT features for image retrieval and indoor localisation},
  organization = {Citeseer}
}

@ARTICLE{Liu2007,
  author = {Hui Liu and Darabi, H. and Banerjee, P. and Jing Liu},
  title = {Survey of Wireless Indoor Positioning Techniques and Systems},
  journal = {Systems, Man, and Cybernetics, Part C: Applications and Reviews,
	IEEE Transactions on},
  year = {2007},
  volume = {37},
  pages = {1067-1080},
  number = {6},
  doi = {10.1109/TSMCC.2007.905750},
  issn = {1094-6977},
  keywords = {indoor radio;radiowave propagation;location fingerprinting;wireless
	indoor positioning technique;Automation;Costs;Fingerprint recognition;Image
	analysis;Inventory management;Object detection;Radio frequency;Robustness;Scalability;Wireless
	sensor networks;Indoor location sensing;location fingerprinting;positioning
	algorithm;radio frequency (RF);wireless localization}
}

@ARTICLE{Liu2009,
  author = {Liu, Hong{\-}Qing and So, Hing{\-}Cheung},
  title = {Target tracking with line-of-sight identification in sensor networks
	under unknown measurement noises},
  journal = {Progress In Electromagnetics Research},
  year = {2009},
  volume = {97},
  pages = {373--389},
  owner = {k},
  publisher = {EMW Publishing}
}

@ARTICLE{lu10,
  author = {Lu, Yan{\-}Chen and Cooke, Martin},
  title = {Binaural estimation of sound source distance via the direct-to-reverberant
	energy ratio for static and moving sources},
  journal = {Audio, Speech, and Language Processing, IEEE Transactions on},
  year = {2010},
  volume = {18},
  pages = {1793--1805},
  number = {7},
  publisher = {IEEE}
}

@INPROCEEDINGS{Mak2009,
  author = {Mak, Lin C and Furukawa, Tomonari},
  title = {Non-Line-of-Sight localization of a controlled sound source},
  booktitle = {Advanced Intelligent Mechatronics, 2009. AIM 2009. IEEE/ASME International
	Conference on},
  year = {2009},
  pages = {475--480},
  organization = {IEEE}
}

@INBOOK{mau03,
  chapter = {Objective Functions for Bayesian Control-Theoretic Sensor Management,
	II: MHC-Like Approximation},
  pages = {273-316},
  title = {Recent Developments in Cooperative Control and Optimizatio},
  publisher = {Kluwer Academic Publishers, Norwell, MA},
  year = {2003},
  editor = {S. Butenko, R. Murphey and P. Pardalos},
  author = {Mauler, R.},
  owner = {tomonari},
  timestamp = {2014.07.22}
}

@ARTICLE{Morelli2007,
  author = {Morelli, Carlo and Nicoli, Monica and Rampa, Vittorio and Spagnolini,
	Umberto},
  title = {Hidden Markov models for radio localization in mixed LOS/NLOS conditions},
  journal = {Signal Processing, IEEE Transactions on},
  year = {2007},
  volume = {55},
  pages = {1525--1542},
  number = {4},
  owner = {k},
  publisher = {IEEE}
}

@INPROCEEDINGS{nakadai06,
  author = {Nakadai, Kazuhiro and Nakajima, Hirofumi and Murase, Masamitsu and
	Kaijiri, Satoshi and Yamada, Kentaro and Nakamura, Takahiro and Hasegawa,
	Yuji and Okuno, Hiroshi G and Tsujino, Hiroshi},
  title = {Robust tracking of multiple sound sources by spatial integration
	of room and robot microphone arrays},
  booktitle = {Acoustics, Speech and Signal Processing, 2006. ICASSP 2006 Proceedings.
	2006 IEEE International Conference on},
  year = {2006},
  volume = {4},
  pages = {IV--IV},
  organization = {IEEE}
}

@INPROCEEDINGS{nayar1997,
  author = {Nayar, Shree K},
  title = {Catadioptric omnidirectional camera},
  booktitle = {Computer Vision and Pattern Recognition, 1997. Proceedings., 1997
	IEEE Computer Society Conference on},
  year = {1997},
  pages = {482--488},
  organization = {IEEE}
}

@ARTICLE{Ni2004,
  author = {Ni, Lionel M and Liu, Yunhao and Lau, Yiu Cho and Patil, Abhishek
	P},
  title = {LANDMARC: indoor location sensing using active RFID},
  journal = {Wireless networks},
  year = {2004},
  volume = {10},
  pages = {701--710},
  number = {6},
  publisher = {Springer}
}

@CONFERENCE{nod12,
  author = {Noda, Y. and Kumon, Makoto},
  title = {Sound Source Direction Estimation in the Median Plane by Two Active
	Pinnae},
  year = {2012},
  organization = {13th SICE System Integration Division Annual Conference},
  owner = {KT},
  timestamp = {2013.08.26}
}

@PHDTHESIS{Prigge2004,
  author = {Prigge, Eric A},
  title = {A positioning system with no line-of-sight restrictions for cluttered
	environments},
  school = {Stanford University},
  year = {2004},
  owner = {k}
}

@CONFERENCE{rib05,
  author = {Riba, J. and Urruela, A.},
  title = {A Non-Line-of-Sight Mitigation Technique Based on ML-detection},
  booktitle = {Proceedings of IEEE International Conference on Acoustic, Speech
	and Signal Processing},
  year = {2005},
  volume = {2},
  pages = {153-156},
  month = {May},
  owner = {tomonari},
  timestamp = {2014.07.23}
}

@INPROCEEDINGS{sasaki12,
  author = {Sasaki, Yoko and Kabasawa, Mitsutaka and Thompson, Simon and Kagami,
	Satoshi and Oro, Kyoichi},
  title = {Spherical microphone array for spatial sound localization for a mobile
	robot},
  booktitle = {Intelligent Robots and Systems (IROS), 2012 IEEE/RSJ International
	Conference on},
  year = {2012},
  pages = {713--718},
  organization = {IEEE}
}

@ARTICLE{sasaki09,
  author = {Sasaki, Yoko and Kagami, Satoshi and Mizoguchi, Hiroshi},
  title = {Online Short-Term Multiple Sound Source Mapping for a Mobile Robot
	by Robust Motion Triangulation},
  journal = {Advanced Robotics},
  year = {2009},
  volume = {23},
  pages = {145--164},
  number = {1-2},
  publisher = {Taylor \& Francis}
}

@INPROCEEDINGS{sederberg2003,
  author = {Sederberg, Thomas W and Zheng, Jianmin and Bakenov, Almaz and Nasri,
	Ahmad},
  title = {T-splines and T-NURCCs},
  booktitle = {ACM transactions on graphics (TOG)},
  year = {2003},
  volume = {22},
  number = {3},
  pages = {477--484},
  organization = {ACM}
}

@ARTICLE{Seow2008,
  author = {Seow, Chee Kiat and Tan, Soon Yim},
  title = {Non-line-of-sight localization in multipath environments},
  journal = {Mobile Computing, IEEE Transactions on},
  year = {2008},
  volume = {7},
  pages = {647--660},
  number = {5},
  owner = {k},
  publisher = {IEEE}
}

@CONFERENCE{sva12,
  author = {Svaizer, Piergiorgio and Brutti, Alessio and Omologo, Maurizio},
  title = {Environment aware estimation of the orientation of acoustic sources
	using a line array},
  booktitle = {Signal Processing Conference (EUSIPCO), 2012 Proceedings of the 20th
	European},
  year = {2012},
  pages = {1024--1028},
  organization = {IEEE}
}

@CONFERENCE{mic03,
  author = {Valin, Jean{\-}Marc and Michaud, Fran{\c{c}}ois and Rouat, Jean and
	L{\'e}tourneau, Dominic},
  title = {Robust sound source localization using a microphone array on a mobile
	robot},
  booktitle = {Intelligent Robots and Systems, 2003.(IROS 2003). Proceedings. 2003
	IEEE/RSJ International Conference on},
  year = {2003},
  volume = {2},
  pages = {1228--1233},
  organization = {IEEE}
}

<<<<<<< HEAD
@article{Wang2012,
  title={Toward robust indoor localization based on Bayesian filter using chirp-spread-spectrum ranging},
  author={Wang, Jie and Gao, Qinghua and Yu, Yan and Wang, Hongyu and Jin, Minglu},
  journal={Industrial Electronics, IEEE Transactions on},
  volume={59},
  number={3},
  pages={1622--1629},
  year={2012},
  publisher={IEEE}
=======
@ARTICLE{Wang2012,
  author = {Jie Wang and Qinghua Gao and Yan Yu and Hongyu Wang and Minglu Jin},
  title = {Toward Robust Indoor Localization Based on Bayesian Filter Using
	Chirp-Spread-Spectrum Ranging},
  journal = {Industrial Electronics, IEEE Transactions on},
  year = {2012},
  volume = {59},
  pages = {1622-1629},
  number = {3},
  doi = {10.1109/TIE.2011.2165462},
  issn = {0278-0046},
  keywords = {Bayes methods;Markov processes;indoor communication;particle filtering
	(numerical methods);personal area networks;spread spectrum communication;state
	estimation;Bayesian filter;IEEE 802.15.4a;Markov model;NLOS state
	estimation;chirp-spread-spectrum ranging;joint-state estimation localization
	algorithm;nonline-of-sight;particle filter;robust indoor localization
	algorithm;Atmospheric measurements;Manganese;Nonlinear optics;Particle
	measurements;Pollution measurement;State estimation;Bayesian framework;Markov
	model;indoor localization;non-line-of-sight (NLOS);particle filter
	(PF)}
>>>>>>> c1d1865e96f21cd90ffe5511dc847f2dcc7c0c7f
}

@BOOK{web09,
  author = {Steven Webb},
  owner = {tomonari},
  timestamp = {2014.07.27}
}

@INPROCEEDINGS{williams02,
  author = {Williams, Stefan B and Dissanayake, Gamini and Durrant-Whyte, Hugh},
  title = {An efficient approach to the simultaneous localisation and mapping
	problem},
  booktitle = {Robotics and Automation, 2002. Proceedings. ICRA'02. IEEE International
	Conference on},
  year = {2002},
  volume = {1},
  pages = {406--411},
  organization = {IEEE}
}

@INPROCEEDINGS{Li2005,
  author = {Li{\-}Wei Wu and Chieh{\-}Cheng Cheng and Wei{\-}Han Liu and Jwu{\-}Sheng
	Hu},
  title = {Gaussian mixture-sound field landmark model for robot localization},
  booktitle = {Mechatronics and Automation, 2005 IEEE International Conference},
  year = {2005},
  volume = {1},
  pages = {438-443 Vol. 1},
  doi = {10.1109/ICMA.2005.1626587},
  keywords = {acoustic signal detection;local area networks;mobile robots;2-dimensional
	indoor environments;Gaussian mixture-sound field landmark model;eRobot;embedded
	Ethernet technology;quadruped robot system;robot agent;robot localization
	system;Acoustic noise;Acoustic sensors;Costs;Image sensors;Microphones;Radio
	navigation;Robot localization;Robot sensing systems;Sensor arrays;Wireless
	sensor networks}
}

@INPROCEEDINGS{Zhang2010,
  author = {Zhang, Dian and Yang, Yanyan and Cheng, Dachao and Liu, Siyuan and
	Ni, Lionel M},
  title = {Cocktail: an rf-based hybrid approach for indoor localization},
  booktitle = {Communications (ICC), 2010 IEEE International Conference on},
  year = {2010},
  pages = {1--5},
  organization = {IEEE},
  owner = {k}
}

